
@article{boeing_urban_2019,
  title = {Urban Spatial Order: Street Network Orientation, Configuration, and Entropy},
  shorttitle = {Urban Spatial Order},
  author = {Boeing, Geoff},
  year = {2019},
  month = dec,
  volume = {4},
  pages = {67},
  issn = {2364-8228},
  doi = {10.1007/s41109-019-0189-1},
  file = {/Users/nick/Zotero/storage/V75BIXVJ/Boeing - 2019 - Urban spatial order street network orientation, c.pdf},
  journal = {Applied Network Science},
  language = {en},
  number = {1}
}

@article{currie_quantifying_2010,
  title = {Quantifying Spatial Gaps in Public Transport Supply Based on Social Needs},
  author = {Currie, Graham},
  year = {2010},
  month = jan,
  volume = {18},
  pages = {31--41},
  issn = {09666923},
  doi = {10.1016/j.jtrangeo.2008.12.002},
  file = {/Users/nick/Zotero/storage/BC3UV5T4/1-s2.0-S0966692308001518-main.pdf},
  journal = {Journal of Transport Geography},
  language = {en},
  number = {1}
}

@article{delbosc_using_2011,
  title = {Using {{Lorenz}} Curves to Assess Public Transport Equity},
  author = {Delbosc, Alexa and Currie, Graham},
  year = {2011},
  month = nov,
  volume = {19},
  pages = {1252--1259},
  issn = {09666923},
  doi = {10.1016/j.jtrangeo.2011.02.008},
  file = {/Users/nick/Zotero/storage/DK8B4TQR/1-s2.0-S0966692311000202-main.pdf},
  journal = {Journal of Transport Geography},
  language = {en},
  number = {6}
}

@article{guy_food_2004,
  title = {Food Retail Change and the Growth of Food Deserts: A Case Study of {{Cardiff}}},
  shorttitle = {Food Retail Change and the Growth of Food Deserts},
  author = {Guy, Cliff and Clarke, Graham and Eyre, Heather},
  year = {2004},
  month = feb,
  volume = {32},
  pages = {72--88},
  issn = {0959-0552},
  doi = {10.1108/09590550410521752},
  journal = {International Journal of Retail \& Distribution Management},
  language = {en},
  number = {2}
}

@article{higgs_changes_1997,
  title = {Changes in Service Provision in Rural Areas. {{Part}} 1: {{The}} Use of {{GIS}} in Analysing Accessibility to Services in Rural Deprivation Research},
  shorttitle = {Changes in Service Provision in Rural Areas. {{Part}} 1},
  author = {Higgs, G. and White, S.D.},
  year = {1997},
  month = oct,
  volume = {13},
  pages = {441--450},
  issn = {07430167},
  doi = {10.1016/S0743-0167(97)00030-2},
  file = {/Users/nick/Zotero/storage/36GGQFU7/1-s2.0-S0743016797000302-main.pdf},
  journal = {Journal of Rural Studies},
  language = {en},
  number = {4}
}

@article{lovett_car_2002,
  title = {Car Travel Time and Accessibility by Bus to General Practitioner Services: A Study Using Patient Registers and {{GIS}}},
  shorttitle = {Car Travel Time and Accessibility by Bus to General Practitioner Services},
  author = {Lovett, Andrew and Haynes, Robin and S{\"u}nnenberg, Gisela and Gale, Susan},
  year = {2002},
  month = jul,
  volume = {55},
  pages = {97--111},
  issn = {02779536},
  doi = {10.1016/S0277-9536(01)00212-X},
  file = {/Users/nick/Zotero/storage/2EDIE7FS/1-s2.0-S027795360100212X-main.pdf},
  journal = {Social Science \& Medicine},
  language = {en},
  number = {1}
}

@book{lowe_deprivation_1986,
  title = {Deprivation and Welfare in Rural Areas},
  editor = {Lowe, Philip and Bradley, Tony and Wright, Susan},
  year = {1986},
  publisher = {{Geo Books}},
  address = {{Norwich, UK}},
  isbn = {978-0-86094-196-5},
  keywords = {Great Britain,Rural conditions,Rural poor,Social service; Rural},
  lccn = {HV245 .D38 1986}
}

@article{lucas_providing_2006,
  title = {Providing Transport for Social Inclusion within a Framework for Environmental Justice in the {{UK}}},
  author = {Lucas, Karen},
  year = {2006},
  month = dec,
  volume = {40},
  pages = {801--809},
  issn = {09658564},
  doi = {10.1016/j.tra.2005.12.005},
  file = {/Users/nick/Zotero/storage/KIKPQTCG/1-s2.0-S0965856405001849-main copy.pdf},
  journal = {Transportation Research Part A: Policy and Practice},
  language = {en},
  number = {10}
}

@book{lucas_transport_2001,
  title = {Transport, the Environment and Social Exclusion},
  author = {Lucas, Karen and Grosvenor, Tim and Simpson, Roona},
  year = {2001},
  publisher = {{York Pub.}},
  address = {{Layerthorpe}},
  file = {/Users/nick/Zotero/storage/9NF69RII/Transport_the_environment_and_social_exc.pdf},
  isbn = {978-1-84263-027-3},
  language = {English},
  note = {OCLC: 48929200}
}

@article{pooley_mobility_2016,
  title = {Mobility, {{Transport}} and {{Social Inclusion}}: {{Lessons}} from {{History}}},
  shorttitle = {Mobility, {{Transport}} and {{Social Inclusion}}},
  author = {Pooley, Colin},
  year = {2016},
  month = jun,
  volume = {4},
  pages = {100},
  issn = {2183-2803},
  doi = {10.17645/si.v4i3.461},
  file = {/Users/nick/Zotero/storage/9BMSI2WA/out.pdf},
  journal = {Social Inclusion},
  number = {3}
}

@article{welch_measure_2013,
  title = {A Measure of Equity for Public Transit Connectivity},
  author = {Welch, Timothy F. and Mishra, Sabyasachee},
  year = {2013},
  month = dec,
  volume = {33},
  pages = {29--41},
  issn = {09666923},
  doi = {10.1016/j.jtrangeo.2013.09.007},
  journal = {Journal of Transport Geography},
  language = {en}
}

@article{wu_ptal_2003,
  title = {A {{PTAL}} Approach to Measuring Changes in Bus Service Accessibility},
  author = {Wu, Belinda M. and Hine, Julian P.},
  year = {2003},
  month = oct,
  volume = {10},
  pages = {307--320},
  issn = {0967070X},
  doi = {10.1016/S0967-070X(03)00053-2},
  journal = {Transport Policy},
  language = {en},
  number = {4}
}


